% Encoding: UTF-8

@WWW{ml_agents,
  title        = {Unity ML-Agents Toolkit},
  url          = {https://github.com/Unity-Technologies/ml-agents},
  organization = {Unity},
  urldate      = {2024-03-06},
}

@WWW{ble,
  title        = {Blender 4.0},
  url          = {https://www.blender.org/},
  organization = {Blender},
  urldate      = {2024-03-06},
}

@WWW{unity,
  title        = {Erstellen},
  url          = {https://unity.com/de},
  organization = {Unity},
  urldate      = {2024-03-06},
}

@WWW{tensorboard,
  title        = {TensorBoard: TensorFlow's visualization toolkit},
  url          = {https://www.tensorflow.org/tensorboard},
  organization = {TensorFlow},
  urldate      = {2024-03-06},
}

@WWW{mapoca,
  title        = {ML-Agents Toolkit Overview},
  url          = {https://github.com/Unity-Technologies/ml-agents/blob/develop/docs/ML-Agents-Overview.md#training-in-cooperative-multi-agent-environments-with-ma-poca},
  organization = {Unity},
  urldate      = {2024-03-06},
}

@WWW{sac,
  title        = {Training with Soft-Actor Critic},
  url          = {https://github.com/yosider/ml-agents-1/blob/master/docs/Training-SAC.md},
  organization = {Unity},
  urldate      = {2024-03-06},
}

@WWW{ppo,
  title        = {Training with Proximal Policy Optimization},
  url          = {https://github.com/yosider/ml-agents-1/blob/master/docs/Training-PPO.md},
  organization = {Unity},
  urldate      = {2024-03-06},
}

@WWW{config_ppo,
  title        = {Training Configuration File},
  url          = {https://github.com/Unity-Technologies/ml-agents/blob/release_20_branch/docs/Training-Configuration-File.md#ppo-specific-configurations},
  organization = {Unity},
  urldate      = {2024-03-06},
}

@Comment{jabref-meta: databaseType:biblatex;}

@Comment{jabref-meta: saveOrderConfig:original;citationkey;false;author;false;title;true;}
